<?xml version="1.0" encoding="UTF-8"?><collection xmlns="http://www.loc.gov/MARC21/slim"><record><leader>00354nam--2200133-i-4500</leader><controlfield tag="001">000047099</controlfield><controlfield tag="002">20161230</controlfield><controlfield tag="005">20161230201046</controlfield><controlfield tag="008">060222s1000------------r-----000-0-eng-d</controlfield><datafield ind1=" " ind2=" " tag="080"><subfield code="a">681.31</subfield></datafield><datafield ind1=" " ind2=" " tag="100"><subfield code="a">Voilleumier,Gilbert</subfield></datafield><datafield ind1=" " ind2=" " tag="245"><subfield code="a">Memoires a cables coaxiaux. these</subfield></datafield><datafield ind1=" " ind2=" " tag="260"><subfield code="a">Geneve, Atelier D`Impression De L`Ecole De Ph.,1970. 83 P</subfield></datafield><datafield ind1=" " ind2=" " tag="852"><subfield code="a">35596</subfield></datafield></record></collection>